% proceedings
@string{acm-ccs         = "Proceedings of the ACM Conference on Computer and Communications Security (CCS)"}
@string{acm-eurosys     = "Proceedings of the ACM European Conference on Computer Systems (EuroSys)"}
@string{acm-fse         = "Proceedings of the ACM SIGSOFT Symposium on Foundations of Software Engineering (FSE)"}
@string{acm-issta       = "Proceedings of the International Symposium on Software Testing and Analysis (ISSTA)"}
@string{acm-kdd         = "Proceedings of the ACM SIGKDD International Conference on Knowledge Discovery \& Data Mining"}
@string{acm-plas        = "Proceedings of the ACM SIGPLAN Workshop on Programming Languages and Analysis for Security (PLAS)"}
@string{acm-pldi        = "Proceedings of the ACM SIGPLAN Conference on Programming Language Design and Implementation (PLDI)"}
@string{acm-popl        = "Proceedings of the ACM Symposium on Principles of Programming Languages (POPL)"}
@string{acm-sosp        = "Proceedings of the ACM Symposium on Operating Systems Principles (SOSP)"}
@string{acm-worm        = "Proceedings of the ACM Workshop on Recurring Malcode (WORM)"}
@string{acsac           = "Proceedings of the Annual Computer Security Applications Conference (ACSAC)"}
@string{ase             = "Proceedings of the IEEE/ACM International Conference on Automated Software Engineering (ASE)"}
@string{dimva           = "Proceedings of the Conference on Detection of Intrusions and Malware \& Vulnerability Assessment (DIMVA)"}
@string{esorics         = "Proceedings of the European Symposium on Research in Computer Security (ESORICS)"}
@string{icse            = "Proceedings of the International Conference on Software Engineering (ICSE)"}
@string{ieee-oakland    = "Proceedings of the IEEE Symposium on Security and Privacy"}
@string{isc             = "Proceedings of the Information Security Conference (ISC)"}
@string{isoc-ndss       = "Proceedings of the Symposium on Network and Distributed System Security (NDSS)"}
@string{raid            = "Proceedings of the Symposium on Recent Advances in Intrusion Detection (RAID)"}
@string{spin            = "Proceedings of the International SPIN Workshop on Model Checking of Software"}
@string{usenix-freenix  = "Proceedings of the USENIX Annual Technical Conference, FREENIX Track"}
@string{usenix-hotbots  = "Proceedings of the USENIX Workshop on Hot Topics in Understanding Botnet"}
@string{usenix-hotos    = "Proceedings of the USENIX Workshop on Hot Topics in Operating Systems (HotOS)"}
@string{usenix-leet     = "Proceedings of the USENIX Workshop on Large-Scale Exploits and Emergent Threats (LEET)"}
@string{usenix-lisa     = "Proceedings of the Large Installation System Administration Conference (LISA)"}
@string{usenix-nsdi     = "Proceedings of the USENIX Symposium on Networked Systems Design \& Implementation"}
@string{usenix-osdi     = "Proceedings of the USENIX Symposium on Operating Systems Design and Implementation (OSDI)"}
@string{usenix-security = "Proceedings of the USENIX Security Symposium"}
@string{usenix-woot     = "Proceedings of the USENIX Workshop on Offensive Technologies (WOOT)"}
@string{weis            = "Proceedings of the Workshop on the Economics of Information Security (WEIS)"}
@string{www             = "Proceedings of the International World Wide Web Conference (WWW)"}
% journals
@string{acm-tissec      = "ACM Transactions on Information and System Security (TISSEC)"}
@string{acm-toplas      = "ACM Transactions on Programming Languages and Systems (TOPLAS)"}
@string{acm-web         = "ACM Transactions on the Web"}
@string{cacm            = "Communications of the ACM"}
@string{ieee-tse        = "IEEE Transactions on Software Engineering"}

@misc{erc20,
  	title={EIP-20: ERC-20 Token Standard, Ethereum Improvement Proposals, no. 20},
	author={Vogelsteller, Fabian and Buterin, Vitalik},
	month={November},
	year={2015},
	note={\url{https://eips.ethereum.org/EIPS/eip-20}}
}

@inproceedings{smartcheck,
	author = {Tikhomirov, Sergei and Voskresenskaya, Ekaterina and Ivanitskiy, Ivan and Takhaviev, Ramil and Marchenko, Evgeny and Alexandrov, Yaroslav},
	title = {SmartCheck: Static Analysis of Ethereum Smart Contracts},
	year = {2018},
	publisher = {Association for Computing Machinery},
	booktitle = {Proceedings of the 1st International Workshop on Emerging Trends in Software Engineering for Blockchain},
	series = {WETSEB â€™18}
}

@article{symbolic-e,
	title={Symbolic execution and program testing},
	author={King, James C},
	journal={Communications of the ACM},
	volume={19},
	number={7},
	pages={385--394},
	year={1976},
	publisher={ACM}
}

